@incollection{racke2002online,
  title={Online scheduling for sorting buffers},
  author={R{\"a}cke, Harald and Sohler, Christian and Westermann, Matthias},
  booktitle={Algorithms—ESA 2002},
  pages={820--832},
  year={2002},
  publisher={Springer}
}

@incollection{englert2005reordering,
  title={Reordering buffer management for non-uniform cost models},
  author={Englert, Matthias and Westermann, Matthias},
  booktitle={Automata, Languages and Programming},
  pages={627--638},
  year={2005},
  publisher={Springer}
}

@inproceedings{avigdor2013constant,
  title={A Constant Factor Approximation Algorithm for Reordering Buffer Management.},
  author={Avigdor-Elgrabli, Noa and Rabani, Yuval},
  booktitle={SODA},
  pages={973--984},
  year={2013},
  organization={SIAM}
}

@article{avigdor2013optimal,
  title={An optimal randomized online algorithm for reordering buffer management},
  author={Avigdor-Elgrabli, Noa and Rabani, Yuval},
  journal={arXiv preprint arXiv:1303.3386},
  year={2013}
}

@article{englert2009evaluation,
  title={Evaluation of online strategies for reordering buffers},
  author={Englert, Matthias and R{\"o}glin, Heiko and Westermann, Matthias},
  journal={Journal of Experimental Algorithmics (JEA)},
  volume={14},
  pages={3},
  year={2009},
  publisher={ACM}
}

@inproceedings{bar20059,
  title={9-approximation algorithm for sorting buffers},
  author={Bar-Yehuda, Reuven and Laserson, Jonathan},
  booktitle={Proceedings of the 3rd Workshop on Approximation and Online Algorithms},
  year={2005},
  organization={Citeseer}
}

@book{kohrt2004constant,
  title={A constant approximation algorithm for sorting buffers},
  author={Kohrt, Jens S and Pruhs, Kirk},
  year={2004},
  publisher={Springer}
}

@phdthesis{aboud2008correlation,
  title={Correlation clustering with penalties and approximating the recordering buffer management problem},
  author={Aboud, Amjad},
  year={2008},
  school={Master’s thesis, The Technion-Israel Institute of Technology, Janurary 2008.[Technion TR archive]. 29}
}

@inproceedings{avigdor2013improved,
  title={An improved competitive algorithm for reordering buffer management},
  author={Avigdor-Elgrabli, Noa and Rabani, Yuval},
  booktitle={Foundations of Computer Science (FOCS), 2013 IEEE 54th Annual Symposium on},
  pages={1--10},
  year={2013},
  organization={IEEE}
}

@inproceedings{adamaszek2012optimal,
  title={Optimal online buffer scheduling for block devices},
  author={Adamaszek, Anna and Czumaj, Artur and Englert, Matthias and R{\"a}cke, Harald},
  booktitle={Proceedings of the 44th symposium on Theory of Computing},
  pages={589--598},
  year={2012},
  organization={ACM}
}

@inproceedings{adamaszek2011almost,
  title={Almost tight bounds for reordering buffer management},
  author={Adamaszek, Anna and Czumaj, Artur and Englert, Matthias and R{\"a}cke, Harald},
  booktitle={Proceedings of the 43rd annual ACM symposium on Theory of computing},
  pages={607--616},
  year={2011},
  organization={ACM}
}

@inproceedings{krokowski2004reducing,
  title={Reducing State Changes with a Pipeline Buffer.},
  author={Krokowski, Jens and R{\"a}cke, Harald and Sohler, Christian and Westermann, Matthias},
  booktitle={VMV},
  pages={217},
  year={2004}
}

@inproceedings{azar2014generalized,
  title={Generalized reordering buffer management},
  author={Azar, Yossi and Englert, Matthias and Gamzu, Iftah and Kidron, Eytan},
  booktitle={LIPIcs-Leibniz International Proceedings in Informatics},
  volume={25},
  year={2014},
  organization={Schloss Dagstuhl-Leibniz-Zentrum fuer Informatik}
}

@inproceedings{im2014new,
  title={New Approximations for Reordering Buffer Management.},
  author={Im, Sungjin and Moseley, Benjamin},
  booktitle={SODA},
  pages={1093--1111},
  year={2014},
  organization={SIAM}
}

@inproceedings{adamaszek2013reordering,
  title={Reordering Buffer Management with Advice},
  author={Adamaszek, Anna and Renault, Marc P and Ros{\'e}n, Adi and van Stee, Rob},
  year={2013},
  organization={WAOA}
}